@Manual{bates2017,
    title = {Matrix: Sparse and Dense Matrix Classes and Methods},
    author = {Douglas Bates and Martin Maechler},
    year = {2019},
    note = {R package version 1.2-17},
    url = {https://CRAN.R-project.org/package=Matrix},
  }


@InCollection{Bouckaert93prob,
  author =	 {Remco R. Bouckaert},
  booktitle =	 {Symbolic and Quantitative Approaches to Reasoning
                  and Uncertainty: European Conference ECSQARU '93},
  pages =	 {41--48},
  publisher =	 {Springer-Verlag},
  series =	 {Lecture Notes in Computer Science},
  title =	 {Probabilistic Network Construction Using the Minimum
                  Description Length Principle},
  volume =	 747,
  year =	 1993,
}

@InProceedings{Buntine91,
  author =	 {Wray Buntine},
  booktitle =	 {Proceedings of the Seventh Annual Conference on
                  Uncertainty in Artificial Intelligence},
  pages =	 {52--60},
  publisher =	 {Morgan Kaufmann},
  title =	 {Theory Refinement on {B}ayesian Networks},
  year =	 1991,
}

@Article{Chickering97,
  author =	 {David Maxwell Chickering and David Heckerman},
  journal =	 {Machine Learning},
  pages =	 {181--212},
  title =	 {Efficient Approximations for the Marginal Likelihood
                  of {B}ayesian Networks with Hidden Variables},
  volume =	 29,
  year =	 1997,
  doi =		 {10.1023/a:1007469629108},
}

@Article{Cooper92,
  author =	 {Gregory F. Cooper and Edward Herskovits},
  journal =	 {Machine Learning},
  pages =	 {309--347},
  title =	 {A {B}ayesian Method for the Induction of
                  Probabilistic Networks from Data},
  volume =	 9,
  year =	 1992,
  doi =		 {10.1007/bf00994110},
}

@Article{Ellis08,
  author =	 {Byron Ellis and Wing Hung Wong},
  journal =	 {Journal of the American Statistical Association},
  pages =	 {778--789},
  title =	 {Learning Causal {B}ayesian Network Structures from
                  Experimental Data},
  volume =	 103,
  year =	 2008,
  doi =		 {10.1198/016214508000000193},
}

@Article{Heckerman95,
  author =	 {David Heckerman and Dan Geiger and David
                  M. Chickering},
  journal =	 {Machine Learning},
  pages =	 {197--243},
  title =	 {Learning {B}ayesian Networks: The Combination of
                  Knowledge and Statistical Data},
  volume =	 20,
  year =	 1995,
  doi =		 {10.1007/bf00994016},
}

@InProceedings{Herskovits90,
  author =	 {Edward Herskovits and Gregory Cooper},
  booktitle =	 {Proceedings of the Sixth Annual Conference on
                  Uncertainty in Artificial Intelligence},
  pages =	 {54--62},
  title =	 {Kutat\'{o}: An Entropy-Driven System for
                  Construction of Probabilistic Expert Systems from
                  Databases},
  year =	 1990,
}

@Article{Lam94,
  author =	 {Wai Lam and Fahiem Bacchus},
  journal =	 {Computational Intelligence},
  pages =	 {269--293},
  title =	 {Learning {B}ayesian Belief Networks: An Approach
                  Based on the {MDL} Principle},
  volume =	 10,
  year =	 1994,
  doi =		 {10.1111/j.1467-8640.1994.tb00166.x},
}

@Book{Pearl00,
  author =	 {Judea Pearl},
  publisher =	 {Cambridge University Press},
  title =	 {Causality: Models, Reasoning, and Inference},
  year =	 2000,
}

@InProceedings{Suzuki93,
  author =	 {Joe Suzuki},
  booktitle =	 {Proceedings of the Ninth Annual Conference on
                  Uncertainty in Artificial Intelligence},
  pages =	 {266--273},
  title =	 {A Construction of {B}ayesian Networks from Databases
                  Based on an {MDL} Principle},
  year =	 1993,
}

@Article{Zhou11,
  author =	 {Qing Zhou},
  journal =	 {Journal of the American Statistical Association},
  pages =	 {1317--1330},
  title =	 {Multi-Domain Sampling with Applications to
                  Structural Inference of {B}ayesian Networks},
  volume =	 106,
  year =	 2011,
  doi =		 {10.1198/jasa.2011.ap10346},
}

@Article{aragam2015,
  author =	 {Bryon Aragam and Qing Zhou},
  journal =	 {Journal of Machine Learning Research},
  pages =	 {2273-2328},
  title =	 {Concave Penalized Estimation of Sparse {G}aussian
                  {B}ayesian Networks},
  volume =	 16,
  year =	 2015,
  doi =		 {10.1214/12-aos1017supp},
}

@Article{aragam2016,
  author =	 {Bryon Aragam and Arash A. Amini and Qing Zhou},
  journal =	 {Submitted},
  title =	 {Learning Directed Acyclic Graphs with Penalized
                  Neighbourhood Regression},
  volume =	 {arXiv:1511.08963},
  year =	 2016,
  doi =		 {10.1007/springerreference_61955},
}

@Article{boettcher2003,
  author =	 {Susanne Boettcher and Claus Dethlefsen},
  doi =		 {10.18637/jss.v008.i20},
  issn =	 {1548-7660},
  journal =	 {Journal of Statistical Software},
  number =	 1,
  pages =	 {1--40},
  title =	 {\pkg{deal}: A Package for Learning Bayesian
                  Networks},
  volume =	 8,
  year =	 2003,
}

@Article{buhlmann2014bio,
  author =	 {Peter B{\"u}hlmann and Markus Kalisch and Lukas Meier},
  journal =	 {Annual Review of Statistics and Its Application},
  publisher =	 {Annual Reviews},
  title =	 {High-Dimensional Statistics with a View Toward
                  Applications in Biology},
  volume =	 1,
  year =	 2014,
  doi =		 {10.1146/annurev-statistics-022513-115545},
}

@Article{butts2008,
  author =	 {Carter Butts},
  doi =		 {10.18637/jss.v024.i02},
  issn =	 {1548-7660},
  journal =	 {Journal of Statistical Software},
  number =	 1,
  pages =	 {1--36},
  title =	 {\pkg{network}: A Package for Managing Relational
                  Data in \proglang{R}},
  volume =	 24,
  year =	 2008,
}

@Article{chen2015,
  author =	 {Y. P. Chen and Z. X. Wang and L. Chen and X. Liu and
                  L. L. Tang and Y. P. Mao and W. F. Li and A. H. Lin
                  and Y. Sun and J. Ma},
  journal =	 {Annals of Oncology},
  number =	 1,
  pages =	 {205-211},
  title =	 {A Bayesian Network Meta-Analysis Comparing
                  Concurrent Chemoradiotherapy Followed by Adjuvant
                  Chemotherapy, Concurrent Chemoradiotherapy Alone and
                  Radiotherapy Alone in Patients with Locoregionally
                  Advanced Nasopharyngeal Carcinoma},
  volume =	 26,
  year =	 2015,
  doi =		 {10.1093/annonc/mdu507},
}

@Article{chickering2004,
  author =	 {David Maxwell Chickering and David Heckerman and
                  Christopher Meek},
  journal =	 {The Journal of Machine Learning Research},
  pages =	 {1287--1330},
  title =	 {Large-Sample Learning of {B}ayesian Networks Is
                  {NP}-Hard},
  volume =	 5,
  year =	 2004,
  doi =		 {10.1016/b978-1-55860-377-6.50079-7},
}

@Article{colombo2012,
  author =	 {Diego Colombo and Marloes H Maathuis and Markus
                  Kalisch and Thomas S Richardson},
  journal =	 {The Annals of Statistics},
  number =	 1,
  pages =	 {294--321},
  publisher =	 {Institute of Mathematical Statistics},
  title =	 {Learning High-Dimensional Directed Acyclic Graphs
                  with Latent and Selection Variables},
  volume =	 40,
  year =	 2012,
  doi =		 {10.1214/11-aos940},
}

@InProceedings{cooper1999causal,
  author =	 {Gregory F Cooper and Changwon Yoo},
  booktitle =	 {Proceedings of the Fifteenth Conference on
                  Uncertainty in Artificial Intelligence},
  organization = {Morgan Kaufmann Publishers Inc.},
  pages =	 {116--125},
  title =	 {Causal Discovery from a Mixture of Experimental and
                  Observational Data},
  year =	 1999,
}

@Article{csardi2006,
  author =	 {Gabor Csardi and Tamas Nepusz},
  journal =	 {InterJournal},
  pages =	 1695,
  title =	 {The \pkg{igraph} Software Package for Complex
                  Network Research},
  volume =	 {Complex Systems},
  year =	 2006,
  doi =		 {10.1142/s0219525914500064},
}

@Article{cussens2017,
  author =	 {James Cussens and David Haws and Milan Studen{\'y}},
  journal =	 {Mathematical Programming},
  number =	 {1-2},
  pages =	 {285--324},
  publisher =	 {Springer-Verlag},
  title =	 {Polyhedral Aspects of Score Equivalence in Bayesian
                  Network Structure Learning},
  volume =	 164,
  year =	 2017,
  doi =		 {10.1007/s10107-016-1087-2},
}

@Article{dejaeger2013,
  author =	 {Karel Dejaeger and Thomas Verbraken and Bart
                  Baesens},
  journal =	 {IEEE Transactions on Software Engineering},
  number =	 2,
  pages =	 {237--257},
  title =	 {Toward Comprehensible Software Fault Prediction
                  Models Using Bayesian Network Classifiers},
  volume =	 39,
  year =	 2013,
  doi =		 {10.1109/tse.2012.20},
}

@Book{dobson2008,
  author =	 {Annette J Dobson and Adrian Barnett},
  publisher =	 {CRC press},
  title =	 {An Introduction to Generalized Linear Models},
  year =	 2008,
}

@Article{eddelbuettel2011,
  author =	 {Dirk Eddelbuettel and Romain Fran{\c c}ois},
  journal =	 {Journal of Statistical Software},
  number =	 8,
  pages =	 {1--18},
  title =	 {\pkg{Rcpp}: Seamless \proglang{R} and \proglang{C++}
                  Integration},
  volume =	 40,
  year =	 2011,
  doi =		 {10.18637/jss.v040.i08},
}

@Book{eddelbuettel2013,
  address =	 {New York},
  author =	 {Dirk Eddelbuettel},
  note =	 {ISBN 978-1-4614-6867-7},
  publisher =	 {Springer-Verlag},
  title =	 {Seamless \proglang{R} and \proglang{C++} Integration
                  with \pkg{Rcpp}},
  year =	 2013,
}

@Article{fan2001,
  author =	 {Jianqing Fan and Runze Li},
  journal =	 {Journal of the American Statistical Association},
  number =	 456,
  pages =	 {1348--1360},
  publisher =	 {American Statistical Association},
  title =	 {Variable Selection via Nonconcave Penalized
                  Likelihood and Its Oracle Properties},
  volume =	 96,
  year =	 2001,
  doi =		 {10.1198/016214501753382273},
}

@Article{friedman2007,
  author =	 {Jerome Friedman and Trevor Hastie and Holger H{\"o}fling
                  and Robert Tibshirani},
  journal =	 {The Annals of Applied Statistics},
  number =	 2,
  pages =	 {302--332},
  publisher =	 {Institute of Mathematical Statistics},
  title =	 {Pathwise Coordinate Optimization},
  volume =	 1,
  year =	 2007,
  doi =		 {10.1214/07-aoas131},
}

@Article{friedman2008,
  author =	 {Jerome Friedman and Trevor Hastie and Robert
                  Tibshirani},
  journal =	 {Biostatistics},
  number =	 3,
  pages =	 {432--441},
  publisher =	 {Biometrika Trust},
  title =	 {Sparse Inverse Covariance Estimation with the
                  {G}raphical {L}asso},
  volume =	 9,
  year =	 2008,
  doi =		 {10.1093/biostatistics/kxm045},
}

@Article{friedman2010,
  author =	 {Jerome Friedman and Trevor Hastie and Rob
                  Tibshirani},
  journal =	 {Journal of statistical software},
  number =	 1,
  pages =	 1,
  publisher =	 {NIH Public Access},
  title =	 {Regularization Paths for Generalized Linear Models
                  via Coordinate Descent},
  volume =	 33,
  year =	 2010,
  doi =		 {10.18637/jss.v033.i01},
}

@Manual{friedman2014,
  author =	 {Jerome Friedman and Trevor Hastie and Rob
                  Tibshirani},
  note =	 {R package version 1.8},
  title =	 {\pkg{glasso}: Graphical Lasso - Estimation of
                  Gaussian Graphical Models},
  url =		 {https://CRAN.R-project.org/package=glasso},
  year =	 2014,
}

@Article{fu2013,
  author =	 {Fei Fu and Qing Zhou},
  journal =	 {Journal of the American Statistical Association},
  number =	 501,
  pages =	 {288--300},
  publisher =	 {Taylor \& Francis Group},
  title =	 {Learning Sparse Causal {G}aussian Networks With
                  Experimental Intervention: {R}egularization and
                  Coordinate Descent},
  volume =	 108,
  year =	 2013,
  doi =		 {10.1080/01621459.2012.754359},
}

@Article{gamez2011learning,
  author =	 {Jos{\'e} A G{\'a}mez and Juan L Mateo and Jos{\'e} M Puerta},
  journal =	 {Data Mining and Knowledge Discovery},
  number =	 {1-2},
  pages =	 {106--148},
  title =	 {Learning Bayesian Networks by Hill Climbing:
                  Efficient Methods Based on Progressive Restriction
                  of the Neighborhood},
  volume =	 22,
  year =	 2011,
  doi =		 {10.1007/s10618-010-0178-6},
}

@Article{gao2015,
  author =	 {Bin Gao and Yuehua Cui},
  journal =	 {Bioinformatics},
  pages =	 {btv513},
  publisher =	 {Oxford Univ Press},
  title =	 {Learning Directed Acyclic Graphical Structures with
                  Genetical Genomics Data},
  year =	 2015,
  doi =		 {10.1093/bioinformatics/btv513},
}

@Article{garvey2015,
  author =	 {Myles D. Garvey and Steven Carnovale and Sengun
                  Yeniyurt},
  journal =	 {European Journal of Operational Research},
  number =	 2,
  pages =	 {618--627},
  title =	 {An Analytical Framework for Supply Network Risk
                  Propagation: A Bayesian Network Approach},
  volume =	 243,
  year =	 2015,
  doi =		 {10.1016/j.ejor.2014.10.034},
}

@Article{geer2013,
  author =	 {Sara {van de Geer} and Peter B{\"u}hlmann},
  journal =	 {The Annals of Statistics},
  number =	 2,
  pages =	 {536--567},
  publisher =	 {Institute of Mathematical Statistics},
  title =	 {$\ell_0$-Penalized Maximum Likelihood for Sparse
                  Directed Acyclic Graphs},
  volume =	 41,
  year =	 2013,
  doi =		 {10.1214/13-aos1085},
}

@Manual{gentleman2016,
  author =	 {R. Gentleman and Elizabeth Whalen and W. Huber and
                  S. Falcon},
  note =	 {R package version 1.50.0},
  title =	 {\pkg{graph}: A Package to Handle Graph Data
                  Structures},
  url =		 {https://CRAN.R-project.org/package=graph},
  year =	 2016,
}

@Manual{genz2017,
  author =	 {Alan Genz and Frank Bretz and Tetsuhisa Miwa and
                  Xuefei Mi and Friedrich Leisch and Fabian Scheipl
                  and Torsten Hothorn},
  note =	 {R package version 1.0-6},
  read =	 0,
  title =	 {\pkg{mvtnorm}: Multivariate Normal and t
                  Distributions},
  url =		 {https://CRAN.R-project.org/package=mvtnorm},
  year =	 2017,
}

@Article{gu2018,
  author =	 {Jiayang Gu and Fei Fu and Qing Zhou},
  journal =	 {Statistics and Computing},
  title =	 {Penalized Estimation of Directed Acyclic Graphs From
                  Discrete Data},
  year =	 2018,
  doi =		 {10.1007/s11222-018-9801-y},
}

@Manual{hansen2016,
  author =	 {Kasper Daniel Hansen and Jeff Gentry and Li Long and
                  Robert Gentleman and Seth Falcon and Florian Hahne
                  and Deepayan Sarkar},
  note =	 {R package version 2.16.0},
  title =	 {\pkg{Rgraphviz}: Provides Plotting Capabilities for
                  R Graph Objects},
  url =		 {https://CRAN.R-project.org/package=Rgraphviz},
  year =	 2016,
}

@Misc{heckerman1992,
  author =	 {D Heckerman and E Horvitz and B Nathwani},
  publisher =	 {Stanford University},
  title =	 {Toward Normative Expert Systems: Part I, the
                  Pathfinder Project. Knowledge Systems Laboratory,
                  Medical Computer Science},
  year =	 1992,
}

@Article{hojsgaard2012,
  author =	 {S{\o}ren H{\o}jsgaard},
  doi =		 {10.18637/jss.v046.i10},
  issn =	 {1548-7660},
  journal =	 {Journal of Statistical Software},
  number =	 1,
  pages =	 {1--26},
  title =	 {Graphical Independence Networks with the \pkg{gRain}
                  Package for \proglang{R}},
  volume =	 46,
  year =	 2012,
}

@Article{isci2015,
  author =	 {Senol Isci and Haluk Dogan and Cengizhan Ozturk and
                  Hasan H. Otu},
  journal =	 {Bioinformatics},
  number =	 6,
  pages =	 {860-867},
  title =	 {Bayesian Network Prior: Network Analysis of
                  Biological Data Using External Knowledge},
  volume =	 30,
  year =	 2014,
  doi =		 {10.1093/bioinformatics/btt643},
}

@Article{jones2012,
  author =	 {David T Jones and Daniel WA Buchan and Domenico
                  Cozzetto and Massimiliano Pontil},
  journal =	 {Bioinformatics},
  number =	 2,
  pages =	 {184--190},
  publisher =	 {Oxford Univ Press},
  title =	 {PSICOV: Precise Structural Contact Prediction Using
                  Sparse Inverse Covariance Estimation on Large
                  Multiple Sequence Alignments},
  volume =	 28,
  year =	 2012,
  doi =		 {10.1093/bioinformatics/btr638},
}

@Article{kalisch2012,
  author =	 {Markus Kalisch and Martin M{\"a}chler and Diego Colombo
                  and Marloes H Maathuis and Peter B{\"u}hlmann},
  journal =	 {Journal of Statistical Software},
  number =	 11,
  pages =	 {1--26},
  title =	 {Causal Inference Using Graphical Models with the
                  \proglang{R} Package \pkg{pcalg}},
  volume =	 47,
  year =	 2012,
  doi =		 {10.18637/jss.v047.i11},
}

@Book{koller2009,
  author =	 {Daphne Koller and Nir Friedman},
  publisher =	 {MIT press},
  title =	 {Probabilistic Graphical Models: Principles and
                  Techniques},
  year =	 2009,
}

@Book{lauritzen1996,
  author =	 {Steffen L Lauritzen},
  publisher =	 {Oxford University Press},
  title =	 {Graphical Models},
  year =	 1996,
}

@Article{masegosa2017,
  author =	 {Andr{\'e}s R Masegosa and Ana M Mart{\'i}nez and Dar{\'i}o
                  Ramos-L{\'o}pez and Rafael Caba{\~n}as and Antonio Salmer{\'o}n
                  and Thomas D Nielsen and Helge Langseth and Anders L
                  Madsen},
  journal =	 {arXiv preprint arXiv:1704.01427},
  title =	 {AMIDST: a Java Toolbox for Scalable Probabilistic
                  Machine Learning},
  year =	 2017,
  doi =		 {10.1016/j.knosys.2018.09.019},
}

@Article{mazumder2011,
  author =	 {Rahul Mazumder and Jerome H Friedman and Trevor
                  Hastie},
  journal =	 {Journal of the American Statistical Association},
  number =	 495,
  pages =	 {1125--1138},
  publisher =	 {American Statistical Association},
  title =	 {Sparse{N}et: {C}oordinate Descent with Nonconvex
                  Penalties},
  volume =	 106,
  year =	 2011,
  doi =		 {10.1198/jasa.2011.tm09738},
}

@InCollection{meganck2006learning,
  author =	 {Stijn Meganck and Philippe Leray and Bernard
                  Manderick},
  booktitle =	 {Modeling Decisions for Artificial Intelligence},
  pages =	 {58--69},
  publisher =	 {Springer-Verlag},
  title =	 {Learning Causal Bayesian Networks from Observations
                  and Experiments: A Decision Theoretic Approach},
  year =	 2006,
}

@Article{meinshausen2006,
  author =	 {Nicolai Meinshausen and Peter B{\"u}hlmann},
  journal =	 {The Annals of Statistics},
  number =	 3,
  pages =	 {1436--1462},
  publisher =	 {Institute of Mathematical Statistics},
  title =	 {High-Dimensional Graphs and Variable Selection with
                  the {L}asso},
  volume =	 34,
  year =	 2006,
  doi =		 {10.1214/009053606000000281},
}

@Article{niinimaki2016,
  author =	 {Teppo Niinim{\"a}ki and Pekka Parviainen and Mikko
                  Koivisto},
  journal =	 {Journal of Machine Learning Research},
  number =	 1,
  pages =	 {2002--2048},
  publisher =	 {JMLR. org},
  title =	 {Structure Discovery in Bayesian Networks by Sampling
                  Partial Orders},
  volume =	 17,
  year =	 2016,
  doi =		 {10.1007/978-3-642-23783-6_37},
}

@Article{pe2001inferring,
  author =	 {Dana Pe{\'e}r and Aviv Regev and Gal Elidan and Nir
                  Friedman},
  journal =	 {Bioinformatics},
  pages =	 {S215--S224},
  title =	 {Inferring Subnetworks from Perturbed Expression
                  Profiles},
  volume =	 17,
  year =	 2001,
  doi =		 {10.1093/bioinformatics/17.suppl_1.s215},
}

@Article{perrier2008,
  author =	 {Eric Perrier and Seiya Imoto and Satoru Miyano},
  journal =	 {Journal of Machine Learning Research},
  number =	 {Oct},
  pages =	 {2251--2286},
  title =	 {Finding Optimal Bayesian Network Given a
                  Super-Structure},
  volume =	 9,
  year =	 2008,
  doi =		 {10.1007/978-3-642-25655-4_19},
}

@Article{pournara2004reconstruction,
  author =	 {Iosifina Pournara and Lorenz Wernisch},
  journal =	 {Bioinformatics},
  number =	 17,
  pages =	 {2934--2942},
  publisher =	 {Oxford Univ Press},
  title =	 {Reconstruction of Gene Networks Using Bayesian
                  Learning and Manipulation Experiments},
  volume =	 20,
  year =	 2004,
  doi =		 {10.1093/bioinformatics/bth337},
}

@Article{ravikumar2010,
  author =	 {Pradeep Ravikumar and Martin J Wainwright and John D
                  Lafferty},
  journal =	 {The Annals of Statistics},
  number =	 3,
  pages =	 {1287--1319},
  title =	 {High-Dimensional Ising Model Selection Using
                  $\ell_1$-Regularized Logistic Regression},
  volume =	 38,
  year =	 2010,
  doi =		 {10.1214/09-aos691},
}

@Manual{rcore2016,
  address =	 {Vienna, Austria},
  author =	 {{R Core Team}},
  organization = {R Foundation for Statistical Computing},
  title =	 {\proglang{R}: A Language and Environment for
                  Statistical Computing},
  url =		 {https://www.R-project.org/},
  year =	 2016,
}

@Article{rosseel2012,
  author =	 {Yves Rosseel},
  doi =		 {10.18637/jss.v048.i02},
  issn =	 {1548-7660},
  journal =	 {Journal of Statistical Software},
  number =	 1,
  pages =	 {1--36},
  title =	 {\pkg{lavaan}: An \proglang{R} Package for Structural
                  Equation Modeling},
  volume =	 48,
  year =	 2012,
}

@Book{russell1995artificial,
  author =	 {Russell, Stuart and Norvig, Peter},
  publisher =	 {Prentice-Hall},
  address =	 {Upper Saddle River, NJ},
  title =	 {Artificial Intelligence: A Modern Approach},
  year =	 1995
}

@Article{rutimann2009,
  author =	 {Philipp R{\"u}timann and Peter B{\"u}hlmann},
  journal =	 {Electronic Journal of Statistics},
  pages =	 {1133--1160},
  title =	 {High Dimensional Sparse Covariance Estimation via
                  Directed Acyclic Graphs},
  volume =	 3,
  year =	 2009,
  doi =		 {10.1214/09-ejs534},
}

@Article{sachs2005,
  author =	 {Karen Sachs and Omar Perez and Dana Pe'er and
                  Douglas A Lauffenburger and Garry P Nolan},
  journal =	 {Science},
  number =	 5721,
  pages =	 {523--529},
  publisher =	 {American Association for the Advancement of Science},
  title =	 {Causal Protein-Signaling Networks Derived from
                  Multiparameter Single-Cell Data},
  volume =	 308,
  year =	 2005,
  doi =		 {10.1126/science.1105809},
}

@Article{sanford2012,
  author =	 {Andrew D Sanford and Imad A Moosa},
  journal =	 {Journal of the Operational Research Society},
  number =	 4,
  pages =	 {431--444},
  title =	 {A Bayesian Network Structure for Operational Risk
                  Modelling in Structured Finance Operations},
  volume =	 63,
  year =	 2012,
  doi =		 {10.1057/jors.2011.7},
}

@InProceedings{schmidt2007,
  author =	 {Mark Schmidt and Alexandru Niculescu-Mizil and Kevin
                  Murphy},
  booktitle =	 {AAAI},
  pages =	 {1278--1283},
  title =	 {Learning Graphical Model Structure Using
                  {L1}-Regularization Paths},
  volume =	 7,
  year =	 2007,
}

@Article{scutari2010,
  author =	 {Marco Scutari},
  journal =	 {Journal of Statistical Software},
  number =	 {i03},
  title =	 {Learning {B}ayesian Networks with the \pkg{bnlearn}
                  \proglang{R} Package},
  volume =	 35,
  year =	 2010,
  doi =		 {10.18637/jss.v035.i03},
}

@Article{shannon2003,
  author =	 {Paul Shannon and Andrew Markiel and Owen Ozier and
                  Nitin S Baliga and Jonathan T Wang and Daniel Ramage
                  and Nada Amin and Benno Schwikowski and Trey Ideker},
  journal =	 {Genome research},
  number =	 11,
  pages =	 {2498--2504},
  publisher =	 {Cold Spring Harbor Lab},
  title =	 {Cytoscape: A Software Environment for Integrated
                  Models of Biomolecular Interaction Networks},
  volume =	 13,
  year =	 2003,
  doi =		 {10.1101/gr.1239303},
}

@Article{shannon2013,
  author =	 {Paul T Shannon and Mark Grimes and Burak Kutlu and
                  Jan J Bot and David J Galas},
  journal =	 {BMC bioinformatics},
  number =	 1,
  pages =	 217,
  publisher =	 {BioMed Central},
  title =	 {RCytoscape: Tools for Exploratory Network Analysis},
  volume =	 14,
  year =	 2013,
  doi =		 {10.1186/1471-2105-14-217},
}

@Article{spirtes1991,
  author =	 {Peter Spirtes and Clark Glymour},
  journal =	 {Social Science Computer Review},
  number =	 1,
  pages =	 {62--72},
  publisher =	 {Sage Publications},
  title =	 {An Algorithm for Fast Recovery of Sparse Causal
                  Graphs},
  volume =	 9,
  year =	 1991,
  doi =		 {10.1177/089443939100900106},
}

@Book{spirtes2000,
  author =	 {Peter Spirtes and Clark Glymour and Richard
                  Scheines},
  publisher =	 {The MIT Press},
  title =	 {Causation, Prediction, and Search},
  volume =	 81,
  year =	 2000,
  doi =		 {10.7551/mitpress/1754.001.0001},
}

@Article{tibshirani1996,
  author =	 {Robert Tibshirani},
  journal =	 {Journal of the Royal Statistical Society B},
  pages =	 {267--288},
  title =	 {Regression Shrinkage and Selection via the Lasso},
  year =	 1996,
  doi =		 {10.1111/j.2517-6161.1996.tb02080.x},
}

@Article{tsamardinos2006max,
  author =	 {Ioannis Tsamardinos and Laura E Brown and Constantin
                  F Aliferis},
  journal =	 {Machine learning},
  number =	 1,
  pages =	 {31--78},
  title =	 {The Max-Min Hill-Climbing Bayesian Network Structure
                  Learning Algorithm},
  volume =	 65,
  year =	 2006,
  doi =		 {10.1007/s10994-006-6889-7},
}

@Article{uhler2013,
  author =	 {Caroline Uhler and Garvesh Raskutti and Peter
                  B{\"u}hlmann and Bin Yu},
  journal =	 {The Annals of Statistics},
  number =	 2,
  pages =	 {436--463},
  publisher =	 {Institute of Mathematical Statistics},
  title =	 {Geometry of the Faithfulness Assumption in Causal
                  Inference},
  volume =	 41,
  year =	 2013,
  doi =		 {10.1214/12-aos1080},
}

@Article{velikova2014,
  author =	 {Ann Nicholson and Fabio Cozman and Marina Velikova
                  and Josien Terwisscha {van Scheltinga} and Peter
                  J. F. Lucas and Marc Spaanderman},
  journal =	 {International Journal of Approximate Reasoning},
  number =	 1,
  pages =	 {59--73},
  title =	 {Applications of Bayesian Networks Exploiting Causal
                  Functional Relationships in Bayesian Network
                  Modelling for Personalised Healthcare},
  volume =	 55,
  year =	 2014,
  doi =		 {10.1016/j.ijar.2013.03.016},
}

@Book{venables2002,
  address =	 {New York},
  author =	 {W. N. Venables and B. D. Ripley},
  edition =	 {4th},
  note =	 {ISBN 0-387-95457-0},
  publisher =	 {Springer-Verlag},
  title =	 {Modern Applied Statistics with S},
  url =		 {http://www.stats.ox.ac.uk/pub/MASS4},
  year =	 2002,
}

@Article{wu2008,
  author =	 {Tong Tong Wu and Kenneth Lange},
  journal =	 {The Annals of Applied Statistics},
  pages =	 {224--244},
  publisher =	 {JSTOR},
  title =	 {Coordinate Descent Algorithms for {L}asso Penalized
                  Regression},
  year =	 2008,
  doi =		 {10.1214/07-aoas147},
}

@InProceedings{xiang2013,
  author =	 {Jing Xiang and Seyoung Kim},
  booktitle =	 {Advances in Neural Information Processing Systems},
  pages =	 {2418--2426},
  title =	 {A* {L}asso for Learning a Sparse {B}ayesian Network
                  Structure for Continuous Variables},
  year =	 2013,
}

@Article{yang2015,
  author =	 {Eunho Yang and Pradeep Ravikumar and Genevera I
                  Allen and Zhandong Liu},
  journal =	 {Journal of Machine Learning Research},
  pages =	 {3813--3847},
  title =	 {Graphical Models via Univariate Exponential Family
                  Distributions},
  volume =	 16,
  year =	 2015,
  doi =		 {10.1016/b978-0-12-801522-3.00016-1},
}

@Article{yuan2006,
  author =	 {Ming Yuan and Yi Lin},
  journal =	 {Journal of the Royal Statistical Society B},
  number =	 1,
  pages =	 {49--67},
  title =	 {Model Selection and Estimation in Regression with
                  Grouped Variables},
  volume =	 68,
  year =	 2006,
  doi =		 {10.1111/j.1467-9868.2005.00532.x},
}

@InProceedings{zhang2002,
  author =	 {Jiji Zhang and Peter Spirtes},
  booktitle =	 {Proceedings of the Nineteenth Conference on
                  Uncertainty in Artificial Intelligence},
  pages =	 {632--639},
  title =	 {Strong Faithfulness and Uniform Consistency in
                  Causal Inference},
  year =	 2002,
}

@Article{zhang2010,
  author =	 {Cun-Hui Zhang},
  journal =	 {The Annals of Statistics},
  number =	 2,
  pages =	 {894--942},
  publisher =	 {Institute of Mathematical Statistics},
  title =	 {Nearly Unbiased Variable Selection Under Minimax
                  Concave Penalty},
  volume =	 38,
  year =	 2010,
  doi =		 {10.1214/09-aos729},
}

@Article{zhang2013,
  author =	 {Bin Zhang and Chris Gaiteri and Liviu-Gabriel Bodea
                  and Zhi Wang and Joshua McElwee and Alexei A
                  Podtelezhnikov and Chunsheng Zhang and Tao Xie and
                  Linh Tran and Radu Dobrin and others},
  journal =	 {Cell},
  number =	 3,
  pages =	 {707--720},
  publisher =	 {Elsevier},
  title =	 {Integrated Systems Approach Identifies Genetic Nodes
                  and Networks in Late-Onset Alzheimer's Disease},
  volume =	 153,
  year =	 2013,
  doi =		 {10.1016/j.cell.2013.03.030},
}

@MastersThesis{zhang2016,
  author =	 {Dacheng Zhang},
  school =	 {UCLA. Statistics 0891},
  title =	 {Concave Penalized Estimation of Causal Gaussian
                  Networks with Intervention},
  year =	 2016,
}
